@book{book1,
    author = {Thomas Connolly and Carolyn Begg},
    title = {Database Solutions - A Step by Step Guide to Building Databases},
    publisher = {Addison-Wesley Longman},
    year = {2000},
    edition = {2th ed.},
    address = {City, State or Country},
    note = {ISBN: 9780321173508}
}